@book{Sch96:crypt,
key = {Sch96},
author = {Bruce Schneier},
title = {{Applied Cryptography}},
publisher = {Addison-Wesley},
address = {Bonn},
year = {1996}
}


@article{Swb02:win,
key = {Swb02},
author = {Holger Schwichtenberg},
title = {{Mobiles Erlebnis}},
journal = {ix},
year = {2002},
volume = {Ausgabe Juni},
pages = {18}
}

@book{Has01:java,
key = {Has01},
author = {Vesna Hassler and Mikhail Gordeev and Martin Manninger and Christoph Müller},
title = {{Java Card for E-Payment Applications}},
publisher = {Arctech House},
address = {Boston},
year = {2001}
}

@misc{adbmt,
	author  	= "Dianne Hackborn",
	title   	= "Multitasking the Android Way",
	journal 	= "Android Developers Blog",
	year    	= "2010",
	month		= "April",
	howpublished	= "\url{http://android-developers.blogspot.com/2010/04/multitasking-android-way.html}"
}

@misc{adglc,
	title		= "Android Developers Guide: Application Fundamentals - Processes and Threads",
	organization	= "Google Inc.",
	address		= "1600 Amphitheatre Parkway, Mountain View, CA 94043, United States",
	howpublished	= "\url{http://developer.android.com/guide/topics/fundamentals.html}"
}