@article{test,
	author  = {Margit Osterloh},
	title   = {Zur Ökonomie von Gratissoftware. Open-Source-Software stellt für die Managementforschung ein Rätsel dar},
	journal = {Neue Zürcher Zeitung},
	volume  = {{Nr.220}},
	year    = {2003},
	month	= {09}
}


