@misc{adbmt,
	author  	= "Dianne Hackborn",
	title   	= "Multitasking the Android Way",
	journal 	= "Android Developers Blog",
	year    	= "2010",
	month		= "April",
	howpublished	= "\url{http://android-developers.blogspot.com/2010/04/multitasking-android-way.html}"
}

@misc{adglc,
	title		= "Android Developers Guide: Application Fundamentals - Processes and Threads",
	organization	= "Google Inc.",
	key			= "Google",
	address		= "1600 Amphitheatre Parkway, Mountain View, CA 94043, United States",
	howpublished	= "\url{http://developer.android.com/guide/topics/fundamentals.html}"
}

@misc{zeichenerkennung_pa,
	title		= "Zeichenerkennung mit Touchpad und Java",
	author		= "D. Fernandez, D. Kolbener",
	school		= "Zürcher Hochschule für Angewandte Wissenschaften Winterthur",
	type 		= "Projektarbeit",
	year		= "2007",
	month		= "Juni"
}